<record xmlns="http://www.loc.gov/MARC21/slim">
   <leader>01960cam a2200337   4500</leader>
   <controlfield tag="001">1370971</controlfield>
   <controlfield tag="008">910418s1985    onc          f    0 eng c</controlfield>
   <datafield ind1=" " ind2=" " tag="035">
      <subfield code="a">ocm70345248</subfield>
   </datafield>
   <datafield ind1=" " ind2=" " tag="040">
      <subfield code="b">eng</subfield>
   </datafield>
   <datafield ind1=" " ind2=" " tag="049">
      <subfield code="a">AEU</subfield>
      <subfield code="b">eng</subfield>
   </datafield>
   <datafield ind1=" " ind2="4" tag="050">
      <subfield code="a">JX4131</subfield>
      <subfield code="b">.C312</subfield>
   </datafield>
   <datafield ind1="0" ind2=" " tag="090">
      <subfield code="a">JX 4131 C212 1985</subfield>
   </datafield>
   <datafield ind1="1" ind2=" " tag="110">
      <subfield code="a">Canada.</subfield>
   </datafield>
   <datafield ind1="1" ind2="0" tag="240">
      <subfield code="a">Treaties, etc.</subfield>
      <subfield code="g">France,</subfield>
      <subfield code="d">1972 March 27</subfield>
   </datafield>
   <datafield ind1="1" ind2="0" tag="245">
      <subfield code="a">Dispute concerning filleting within the Gulf of St. Lawrence by the French trawlers referred to in Article 4(b) of the Fisheries Agreement between Canada and France of March 27, 1972 :</subfield>
      <subfield code="b">annexes to the memorial submitted by Canada, February 22, 1985 = Différend concernant le filetage à l'interieur du Golfe du St-Laurent par les chalutiers Français visés à l'article 4(b) de l'accord de pêche entre le Canada et la France du 27 Mars 1972 : annexes au mémoire du Canada, 22 Février 1985.</subfield>
   </datafield>
   <datafield ind1=" " ind2=" " tag="260">
      <subfield code="a">[Ottawa :</subfield>
      <subfield code="b">Government of Canada,</subfield>
      <subfield code="c">1985]</subfield>
   </datafield>
   <datafield ind1=" " ind2=" " tag="300">
      <subfield code="a">1 v. (various pagings) :</subfield>
      <subfield code="b">ill., maps ;</subfield>
      <subfield code="c">28 cm.</subfield>
   </datafield>
   <datafield ind1=" " ind2=" " tag="336">
      <subfield code="a">text</subfield>
      <subfield code="b">txt</subfield>
      <subfield code="2">rdacontent</subfield>
   </datafield>
   <datafield ind1=" " ind2=" " tag="337">
      <subfield code="a">unmediated</subfield>
      <subfield code="b">n</subfield>
      <subfield code="2">rdamedia</subfield>
   </datafield>
   <datafield ind1=" " ind2=" " tag="338">
      <subfield code="a">volume</subfield>
      <subfield code="b">nc</subfield>
      <subfield code="2">rdacarrier</subfield>
   </datafield>
   <datafield ind1=" " ind2=" " tag="500">
      <subfield code="a">At head of title: Arbitral Tribunal established by Agreement of October 23, 1985.</subfield>
   </datafield>
   <datafield ind1=" " ind2=" " tag="500">
      <subfield code="a">Title on spine: Tribunal arbitral, annexes mémoire, Canada = Arbitral Tribunal, annexes memorial, Canada.</subfield>
   </datafield>
   <datafield ind1=" " ind2=" " tag="596">
      <subfield code="a">38</subfield>
   </datafield>
   <datafield ind1=" " ind2="0" tag="650">
      <subfield code="a">Fisheries</subfield>
      <subfield code="z">Saint Lawrence, Gulf of.</subfield>
   </datafield>
   <datafield ind1=" " ind2="0" tag="650">
      <subfield code="a">Economic zones (Law of the sea)</subfield>
      <subfield code="z">Canada.</subfield>
   </datafield>
   <datafield ind1=" " ind2="0" tag="650">
      <subfield code="a">Fishery processing ships</subfield>
      <subfield code="z">France.</subfield>
   </datafield>
   <datafield ind1=" " ind2="0" tag="651">
      <subfield code="a">Canada</subfield>
      <subfield code="x">Relations</subfield>
      <subfield code="z">France.</subfield>
   </datafield>
   <datafield ind1=" " ind2="0" tag="651">
      <subfield code="a">France</subfield>
      <subfield code="x">Relations</subfield>
      <subfield code="z">Canada.</subfield>
   </datafield>
   <datafield ind1="0" ind2=" " tag="740">
      <subfield code="a">Annexes to the memorial submitted by Canada, February 22, 1985.</subfield>
   </datafield>
   <datafield ind1="0" ind2=" " tag="740">
      <subfield code="a">Différend concernant le filetage à l'interieur du Golfe du St-Laurent par les chalutiers Français vises à l'article 4(b) de l'accord de pêche entre le Canada et la France du 27 Mars 1972.</subfield>
   </datafield>
   <datafield ind1=" " ind2=" " tag="926">
      <subfield code="a">JX 4131 C212 1985</subfield>
      <subfield code="w">LC</subfield>
      <subfield code="c">1</subfield>
      <subfield code="i">000036537801</subfield>
      <subfield code="l">ON_SHELF</subfield>
      <subfield code="m">UABARD</subfield>
      <subfield code="p">$150.00</subfield>
      <subfield code="r">Y</subfield>
      <subfield code="s">Y</subfield>
      <subfield code="t">BOOK</subfield>
      <subfield code="u">5/27/1991</subfield>
      <subfield code="o">.STAFF.  C0006308</subfield>
   </datafield>
</record>
